11411111111111414131411111111111111133331111114113113113331141114114411131141143
33111113114113311111111111111311111211111411111111411111111411111411141114144131
31413111414211111111111313112133131144141431144331114111111131131111144411131111
14214111141144113211131413111133111411213111111131111341114411113113143141131114
41412111341113111111114111411111414111111111111314131131413113111111141131111111
11114111113133113131113111114111111141141141111311111111111311114314411111341211
11114141314111311111111121111111111341314111114311111111331113411114111131131111
11431121141114131411342111141111341413141111111111114111121114334131111111431113
14114111113114131111311111111111413111131111131131411314114111111411111111111411
13111414131111141113311341111313111311411131114314111111131411114111111111113111
11111113111111133431111143313111113111311313141111311111111311331411111411111131
11311144131131113113111111413311114141114111141111111111131143113114111111111144
44111111111441111411111114141113311144311111111411441131144113113311111111114413
11411241133141111111311431111311114111131411111121114311133411433111311133131331
11111111411131111111113311311111141111411111311111111311111411114411114311111141
14111111111111311141311411113111141114111111111111311111114111211211113111111111
11111341441111431111111133111131111313311444114132111131134111334441111413111341
33113114111111143111411111311131111113111111143111111111144111311111312411111143
14314411131111211131111113111414113311114141311141113411111131111334411211111113
11311231111111141111114113141313111123114111311141341341141111111114211333143111
11111111111111341411113111141111111411111111112121311131341114111312111113111114
11111111131111111111144412111113111144111111111411111111111111131114411411141111
11114111114411431111113111441113111114114111134111131131111111112411411141111411
41111141111131111111311111311431411111131143411111133141133313341113111111111141
11111111211111411111141111321413141441111141114111111111114114111111111111111114
11311111111411141144113111111114113141411111111111314111111144111114131111111131
13111131113111111111141411131213114111111114111111311141111131131111411113111141
11141111111111111111111111141111114141111111113111111111111411141141113113111111
11111141131111111111113131111111111111111111111133141111141314111133111111411413
21141111141141111311111113114133133111141143111113111111142111111114111111113411
43111111141211134111141114311111113111331111111121111113311413131413131411111411
11311141111143111111414141111111144311111111144411111114111111111114413111111131
11311111311114141111131114111111141411111111111211131111111113111144111141111113
11111141411111121111111131111113111413111131113411111111112111431114111411111111
11111341331111411111131311111111141141111431111111111111111111111111141131111411
11111111111123211111131131111144134111111343433111131111111113111141111111141111
14111111111211111131113211113114111111441414113111114113111141114112411414111111
11111111311411114111111133111111114441111411111311314121111114441111434314311113
13114111141113411111131411113111111112141114111411114314111311141111111111111111
14111131411411111112141111111313113111111111141111111111411411111431111411411111
11114311311111131411111113211111111111111111111111111111114133113111131113131414
11131111441124114111111414111114113111113111111131112113111111111411114341113211
41111113111111131313113111111111411314111113311131113111111311111111111111311112
31141111111112131111111111313311144111111134114313431113111341111134134414114131
11111134111111111111111141111113111411131111444111111143411111111143111111413114
11111111111141111311121111111111314111134131111111111111133113444111114411121111
11111111131111431114111113114111131114143111123114111111341132131131314111111111
31111111114111111414131111111111114111112111111111111113432331141141111111131111
14111431141111133134111411111111414331131141113311113311111441111141111111111141
14111113143121313111111111413414111413131143333411111141111111111111114311111413
11113111311114111113111114113331111113114143341111111113341111441113144111413443
11113111113111131111111331143111113131111141111411111411123111111111331141211431
41111411111111113111211111131111411113411414111113111143114111111111111111313131
41113141431331111314311111113121311111313131111111141111111114144314114111111111
11111131411111334111111111113111141111311341341311331111111111311111111141114114
13311131113114111111314114331111411311111111433114111112111111411112113411111111
11424111111111111114111111111111111114114114141114111311111111141411311111411111
11131311311131111111111111411424111111111413111134111311113114111111111111141441
11111111111111411111111111131111111131131114111411411241141114114111113141111311
11423131111111113111114131121414111114111111311411141111111431431111111334311141
11141314111111114414411114114113111411111141333431111111311131111111114111133111
14111411111311131141133111111111111111431124111111131111311111441111313113111111
11111111111111111111431133333411111114134111111111111311411311141141431113144211
31314431111111111111111141113111111111141441111111311111111411311113141121131111
14111113111131131311113111111111413111111113111334111111111114213411111113111111
44131111441431111143311114113114141311131311311311113144113411311131414111311114
11111211141111111111111111141314441111111311141441111111111111111311111431131411
11111111124111113111143414111141111111111341411141131111111111131111111341131111
41111311111411141414411111111413111111113114434143111211111111131114111114114131
14111141114113111441111311113111141124131411421111111411411311111131111112341411
41141111114131334411111111111111113111111111111114112111114131411111133113111114
41111111311111311114414411111111111114111311111112114131411311114411111141411111
41114414311111311111111113331131314111141223114141144411111111141411111313111144
41111111314344111111211114111313114111111113111111441111114111133134113111114311
41411113114111111113131111111311111144314113111111114111111111141134111111111111
41143141131311111111331141114111111111111141131113411111111111111111111313111341
11113113111111131113133131111114111311131111114141111134111311414114111421113333
14313111111111131111114314111141113444411131111443111131114111111114111131311111
13211111134313141111111141411111111331411111111141114111134411141144111111111411
11431114241311111111111113111341111111141111334111121331111133141131441111141134
14411442331411341111143131114111131411111141111111411111413111111111411411111111
31411113114441131141111114111111131311111141111131111121411141111141114141111111
11131111113111113141131411113313411311111111113113131144113111133341111111131111
13141411111311111141431313111411111413411141113131111111111113111431131111111111
11111411112141313344111324411131411111311111111111114111133141111111111341311133
11111111311144311213111111111411114111111113431111111111111131111141144111141413
11141111311111111111111341311111141111111111114111111131114334121341444111131131
41113111111111111111331311311111111111114111114311111113111114111121111111111414
11213111121111111111111113111111111111111111111111314441114111411114131112211111
11143111141141141111113311111143111111311141111341111114112111414111141114113111
11441134411111411141111131111113111141141413113414111311111111414134111131312411
11111111111111111111434311111311111141143111111111131111131111111111111111111111
41312111111311131111111111111131111114111144111113113111114111111111111111114114
11411111131111111134211311111333111114311411114141114111111111111113111111311111
11141113111111112144113411311114111111311114411143111211111114111121141143111111
11314111111111113111114114111131114131111111311141411131141111311411121114311211
11114131441141111111111111141111411112111111111111114111111111111111114111111111
11411411311411111111111311141411141111411133111111111411111111111111111131111341
11111411411311311411431413113114331131411114111111131113111111114141112111111411
11141131133333411113214111111111111131113114314111111111111214311113111111111111
14111414111123111141144113111111411114111114141114111413111411111111111111114111
11113111114311111113131311411111111114111114143311131311131411111141411141111131
11114114313141111111111111111114141111111113111114313411111113111411134141111111
44111413411111111111111111111111411111311111111111141111113141111131211411411113
34131431114131144111141111311111411111111131111111114111111111111111131111111111
11341111414111112111113111141141111111131111111114111141111134313341431211111133
11111111131431131113111413111111111131143113141344131111111414111111114111114131
11311342111111111111111111111111111141111111113441111131341131111111143411133111
41113311111111111111411133111131411111111311111111141333341411131411111111111111
12111111111411114143311411141111131111141111111111411311141111314113311111111131
11111311134311421141141441114324311111411111311411111113111111131111111111111111
11111111141111131114431111114111111131111311111111311111111111131111111411114311
11113111111411113111311114411411111141131111311411121111111111111434343141111131
11311111111111111131141141111411114111411111414311134111111111111133113411114111
31111111441411111111111141131111111311313131114134441411111112141131314311331113
14111111131111114111142111313113311111141211111314314111134111143111334111114111
11433111111411111111141114113111414111111114114111133314111414111314111113141413
14411111111414111411314314314111131311141211411111111111143111111111111111111431
13141111111111311411141311111314111111113113134143111111141111131411443111144111
11334113111141133111241411413211111111111111111411111111111111111341211111413411
11111131111331411311131141311111111114141131331111311111113131114111113111111144
11144311141111111411114113111111111131311134411113111111113121411111441134111114
41311141111411331111111111111111111314321334111111411144111131113311111131114411
41411141111131111111143113314111114111131111111411111111413114111111111111311111
